{1:F01GSCRUS30XXXX0000000000}{2:O9400400190425GSCRUS30XXX00000000002403271128N}{4:
:20:258158850
:21:258158850
:25:DD01100056869
:28C:1/1
:60F:D230930USD843686,20
:61:2310011001RCD10,00ACHPGSGWGDNCTAHQM8
:86:EREF/GSGWGDNCTAHQM8/PREF/RP/GS/CTFILERP0002/CTBA0003
:61:2310011001DD10,00ACHPNONREF
:86:PREF/RP/GS/CTFILERP0002/CTBA0003
:61:2310011001CD10,00ASHP20230928LTERMID2000003
:86:EREF/20230928LTERMID2000003/PREF/RP/GS/CTFILERP0002/CTBA0003
:62F:D230930USD846665,15
:64:C231002USD334432401,27
-}